<record><leader>00000cas a22000007a 4500</leader><controlfield tag="001">12827249</controlfield><controlfield tag="008">851121d18641886pauwr ne      0    0eng d</controlfield><datafield ind1=" " ind2=" " tag="010"><subfield code="a">sn 86081698 </subfield></datafield><datafield ind1=" " ind2=" " tag="040"><subfield code="a">NPH</subfield><subfield code="b">eng</subfield><subfield code="c">NPH</subfield><subfield code="d">NPX</subfield><subfield code="d">NPH</subfield><subfield code="d">OCLCQ</subfield></datafield><datafield ind1=" " ind2=" " tag="042"><subfield code="a">msc</subfield></datafield><datafield ind1="0" ind2="4" tag="245"><subfield code="a">The Star of the Valley.</subfield></datafield><datafield ind1="3" ind2="0" tag="246"><subfield code="a">Star Valley</subfield></datafield><datafield ind1=" " ind2=" " tag="260"><subfield code="a">Newville, Pa. :</subfield><subfield code="b">J.B. Hursh &amp; M.B. Boyd,</subfield><subfield code="c">1864-</subfield></datafield><datafield ind1=" " ind2=" " tag="300"><subfield code="a">v.</subfield></datafield><datafield ind1=" " ind2=" " tag="310"><subfield code="a">Weekly</subfield></datafield><datafield ind1="0" ind2=" " tag="362"><subfield code="a">Vol. 6, no. 6 (Feb. 20, 1864)-</subfield></datafield><datafield ind1="1" ind2=" " tag="362"><subfield code="a">Ceased in 1886.</subfield><subfield code="z">Cf. Hist. of Cumberland and Adams Counties, Pa., 1886.</subfield></datafield><datafield ind1=" " ind2=" " tag="500"><subfield code="a">"Of the" appears above title ornament in small type, &lt;1876&gt;.</subfield></datafield><datafield ind1=" " ind2=" " tag="500"><subfield code="a">Publisher: J.B. Morrow, &lt;1876&gt;.</subfield></datafield><datafield ind1=" " ind2=" " tag="500"><subfield code="a">Editor: J.B. Morrow, &lt;1876&gt;.</subfield></datafield><datafield ind1=" " ind2=" " tag="752"><subfield code="a">United States</subfield><subfield code="b">Pennsylvania</subfield><subfield code="c">Cumberland</subfield><subfield code="d">Newville.</subfield></datafield><datafield ind1="0" ind2="0" tag="780"><subfield code="t">Valley star (Newville, Pa.)</subfield><subfield code="w">(DLC)sn 86081659</subfield></datafield><datafield ind1="0" ind2="7" tag="785"><subfield code="t">Enterprise (Newville, Pa.)</subfield><subfield code="w">(DLC)sn 86053783</subfield></datafield><datafield ind1="0" ind2="7" tag="785"><subfield code="t">Star and enterprise</subfield><subfield code="w">(DLC)sn 89077642</subfield></datafield></record>